<?xml version="1.0" encoding="UTF-8"?><collection xmlns="http://www.loc.gov/MARC21/slim"><record><leader>00386nam--2200157-i-4500</leader><controlfield tag="001">000048610</controlfield><controlfield tag="002">20161230</controlfield><controlfield tag="005">20170102181257</controlfield><controlfield tag="008">060222s1000------------r-----000-0-eng-d</controlfield><datafield ind1=" " ind2=" " tag="080"><subfield code="a">621.791.72-52</subfield></datafield><datafield ind1=" " ind2=" " tag="245"><subfield code="a">Avtomaticheskoe regulirovanie dugovoi svarki</subfield></datafield><datafield ind1=" " ind2=" " tag="260"><subfield code="a">Moskva</subfield><subfield code="c">1953</subfield></datafield><datafield ind1=" " ind2=" " tag="300"><subfield code="a">138/-140/ S</subfield></datafield><datafield ind1=" " ind2=" " tag="700"><subfield code="a">Nikitin, V. P</subfield></datafield><datafield ind1=" " ind2=" " tag="852"><subfield code="a">3804</subfield></datafield><datafield ind1=" " ind2=" " tag="CAT"><subfield code="a">SYS</subfield><subfield code="c">20170102</subfield><subfield code="h">181257</subfield></datafield></record></collection>